@article{Smith2020,
  author    = {John Smith and Jane Doe},
  title     = {An Innovative Approach to Machine Learning},
  journal   = {Journal of Machine Learning Research},
  year      = {2020},
  volume    = {21},
  number    = {101},
  pages     = {1-20},
}
